@article{Dirac1953888,
  title   = "The lorentz transformation and absolute time",
  journal = "Physica ",
  volume  = "19",
  number  = "1-â€“12",
  pages   = "888--896",
  year    = "1953",
  doi     = "10.1016/S0031-8914(53)80099-6",
  author  = "P.A.M. Dirac"
}

@article{Feynman1963118,
  title   = "The theory of a general quantum system interacting with a linear dissipative system",
  journal = "Annals of Physics ",
  volume  = "24",
  pages   = "118--173",
  year    = "1963",
  doi     = "10.1016/0003-4916(63)90068-X",
  author  = "R.P Feynman and F.L {Vernon Jr.}"
}


@article{ecoon2016managing,
  title={Managing complexity in simulations of land surface and near-surface processes},
  author={Coon, Ethan T and Moulton, J David and Painter, Scott L},
  journal={Environmental Modelling \& Software},
  volume={78},
  pages={134--149},
  year={2016},
  publisher={Elsevier}
}

@article{spainter2016integrated,
  title={Integrated surface/subsurface permafrost thermal hydrology: Model formulation and proof-of-concept simulations},
  author={Painter, Scott L and Coon, Ethan T and Atchley, Adam and Markus, Berndt and  Rao, Garimella and Moulton, J David and Daniil, Svyatskiy},
  journal={Environmental Modelling \& Software},
  volume={(submitted)},
  pages={},
  year={2016},
  publisher={Elsevier}
}

@article{tarnocai2009soil,
  title={Soil organic carbon pools in the northern circumpolar permafrost region},
  author={Tarnocai, Charles and Canadell, JG and Schuur, EAG and Kuhry, Peter and Mazhitova, G and Zimov, S},
  journal={Global biogeochemical cycles},
  volume={23},
  number={2},
  year={2009},
  publisher={Wiley Online Library}
}

@article{pachauri2014climate,
  title={Climate Change 2014: Synthesis Report. Contribution of Working Groups I, II and III to the Fifth Assessment Report of the Intergovernmental Panel on Climate Change},
  author={Pachauri, Rajendra K and Allen, MR and Barros, VR and Broome, J and Cramer, W and Christ, R and Church, JA and Clarke, L and Dahe, Q and Dasgupta, P and others},
  year={2014},
  publisher={IPCC}
}

@article{harden2012field,
  title={Field information links permafrost carbon to physical vulnerabilities of thawing},
  author={Harden, Jennifer W and Koven, Charles D and Ping, Chien-Lu and Hugelius, Gustaf and David McGuire, A and Camill, Phillip and Jorgenson, Torre and Kuhry, Peter and Michaelson, Gary J and O'Donnell, Jonathan A and others},
  journal={Geophysical Research Letters},
  volume={39},
  number={15},
  year={2012},
  publisher={Wiley Online Library}
}

@article{walvoord2007increased,
  title={Increased groundwater to stream discharge from permafrost thawing in the Yukon River basin: Potential impacts on lateral export of carbon and nitrogen},
  author={Walvoord, Michelle A and Striegl, Robert G},
  journal={Geophysical Research Letters},
  volume={34},
  number={12},
  year={2007},
  publisher={Wiley Online Library}
}

@article{lyon2009estimation,
  title={Estimation of permafrost thawing rates in a sub-arctic catchment using recession flow analysis},
  author={Lyon, SW and Destouni, G and Giesler, Reiner and Humborg, Christoph and M{\"o}rth, Carl-Magnus and Seibert, J and Karlsson, Jan and Troch, PA},
  journal={Hydrology and Earth System Sciences},
  volume={13},
  number={5},
  pages={595--604},
  year={2009}
}

@article{harlan1973analysis,
  title={Analysis of coupled heat-fluid transport in partially frozen soil},
  author={Harlan, RL},
  journal={Water Resources Research},
  volume={9},
  number={5},
  pages={1314--1323},
  year={1973},
  publisher={Wiley Online Library}
}

@article{taylor1978model,
  title={A model for coupled heat and moisture transfer during soil freezing},
  author={Taylor, George S and Luthin, James N},
  journal={Canadian Geotechnical Journal},
  volume={15},
  number={4},
  pages={548--555},
  year={1978},
  publisher={NRC Research Press}
}

@article{guymon1974coupled,
  title={A coupled heat and moisture transport model for arctic soils},
  author={Guymon, Gary L and Luthin, James N},
  journal={Water Resources Research},
  volume={10},
  number={5},
  pages={995--1001},
  year={1974},
  publisher={Wiley Online Library}
}

@article{jame1980heat,
  title={Heat and mass transfer in a freezing unsaturated porous medium},
  author={Jame, Yih-Wu and Norum, Donald I},
  journal={Water Resources Research},
  volume={16},
  number={4},
  pages={811--819},
  year={1980},
  publisher={Wiley Online Library}
}

@article{takata2003development,
  title={Development of the minimal advanced treatments of surface interaction and runoff},
  author={Takata, Kumiko and Emori, Seita and Watanabe, Tsutomu},
  journal={Global and planetary Change},
  volume={38},
  number={1},
  pages={209--222},
  year={2003},
  publisher={Elsevier}
}

@article{nicolsky2007improved,
  title={Improved modeling of permafrost dynamics in a GCM land-surface scheme},
  author={Nicolsky, DJ and Romanovsky, VE and Alexeev, VA and Lawrence, DM},
  journal={Geophysical research letters},
  volume={34},
  number={8},
  year={2007},
  publisher={Wiley Online Library}
}

@article{lawrence2012simulation,
  title={Simulation of present-day and future permafrost and seasonally frozen ground conditions in CCSM4},
  author={Lawrence, David M and Slater, Andrew G and Swenson, Sean C},
  journal={Journal of Climate},
  volume={25},
  number={7},
  pages={2207--2225},
  year={2012}
}

@article{koven2013analysis,
  title={Analysis of permafrost thermal dynamics and response to climate change in the {CMIP5} Earth System Models},
  author={Koven, Charles D and Riley, William J and Stern, Alex},
  journal={Journal of Climate},
  volume={26},
  number={6},
  pages={1877--1900},
  year={2013}
}

@article{bense2009evolution,
  title={Evolution of shallow groundwater flow systems in areas of degrading permafrost},
  author={Bense, VF and Ferguson, G and Kooi, H},
  journal={Geophysical Research Letters},
  volume={36},
  number={22},
  year={2009},
  publisher={Wiley Online Library}
}

@article{moulton2012high,
  title={High-level design of Amanzi, the multi-process high performance
computing simulator, Office of Environmental Management, United States Department
of Energy, Washington DC},
  author={Moulton, J David and Berndt, M and Garimella, R and Prichett-Sheats, L and Hammond, G and Day, M and Meza, J.C.},
  journal={},
  volume={},
  number={},
  year={2012},
  publisher={Wiley Online Library}
}

@book{brown1997circum,
  title={Circum-Arctic map of permafrost and ground-ice conditions},
  author={Brown, Jerry and Ferrians Jr, OJ and Heginbottom, JA and Melnikov, ES},
  number={45},
  year={1997}
}

@article{jorgenson2001permafrost,
  title={Permafrost degradation and ecological changes associated with a warmingclimate in central Alaska},
  author={Jorgenson, M Torre and Racine, Charles H and Walters, James C and Osterkamp, Thomas E},
  journal={Climatic change},
  volume={48},
  number={4},
  pages={551--579},
  year={2001},
  publisher={Springer}
}

@inproceedings{osterkamp1983response,
  title={Response of Alaskan permafrost to climate},
  author={Osterkamp, TE},
  booktitle={Fourth International Conference on Permafrost, Fairbanks, Alaska},
  pages={17--22},
  year={1983}
}

@article{turner2007arctic,
  title={An Arctic and Antarctic perspective on recent climate change},
  author={Turner, John and Overland, James E and Walsh, John E},
  journal={International Journal of Climatology},
  volume={27},
  number={3},
  pages={277--293},
  year={2007},
  publisher={Wiley Online Library}
}

@article{hansen1999giss,
  title={GISS analysis of surface temperature change},
  author={Hansen, J and Ruedy, R and Glascoe, J and Sato, Mki},
  journal={Journal of Geophysical Research: Atmospheres},
  volume={104},
  number={D24},
  pages={30997--31022},
  year={1999},
  publisher={Wiley Online Library}
}

@article{assessment2004impacts,
  title={Impacts of a Warming Arctic-Arctic Climate Impact Assessment},
  author={Assessment, Arctic Climate Impact},
  journal={Impacts of a Warming Arctic-Arctic Climate Impact Assessment, by Arctic Climate Impact Assessment, pp. 144. ISBN 0521617782. Cambridge, UK: Cambridge University Press, December 2004.},
  volume={1},
  year={2004}
}

@article{mckenzie2007groundwater,
  title={Groundwater flow with energy transport and water--ice phase change: numerical simulations, benchmarks, and application to freezing in peat bogs},
  author={McKenzie, Jeffrey M and Voss, Clifford I and Siegel, Donald I},
  journal={Advances in water resources},
  volume={30},
  number={4},
  pages={966--983},
  year={2007},
  publisher={Elsevier}
}

@article{nakano1971effect,
  title={Effect of a freezing zone of finite width on the thermal regime of soils},
  author={Nakano, Yoshisuke and Brown, Jerry},
  journal={Water Resources Research},
  volume={7},
  number={5},
  pages={1226--1233},
  year={1971},
  publisher={Wiley Online Library}
}


@article{dall2011robust,
  title={A robust and energy-conserving model of freezing variably-saturated soil},
  author={Dall'Amico, M and Endrizzi, S and Gruber, S and Rigon, R},
  journal={The Cryosphere},
  volume={5},
  number={2},
  pages={469--484},
  year={2011},
  publisher={Copernicus GmbH}
}

@article {rowland2010arctic,
author = {Rowland, J. C. and Jones, C. E. and Altmann, G. and Bryan, R. and Crosby, B. T. and Hinzman, L. D. and Kane, D. L. and Lawrence, D. M. and Mancino, A. and Marsh, P. and McNamara, J. P. and Romanvosky, V. E. and Toniolo, H. and Travis, B. J. and Trochim, E. and Wilson, C. J. and Geernaert, G. L.},
title = {Arctic Landscapes in Transition: Responses to Thawing Permafrost},
journal = {Eos, Transactions American Geophysical Union},
volume = {91},
number = {26},
pages = {229--230},
year = {2010},
}

@article{jorgenson2006abrupt,
  title={Abrupt increase in permafrost degradation in Arctic Alaska},
  author={Jorgenson, M Torre and Shur, Yuri L and Pullman, Erik R},
  journal={Geophysical Research Letters},
  volume={33},
  number={2},
  year={2006},
  publisher={Wiley Online Library}
}

@inproceedings{liljedahl2012ice,
  title={Ice-wedge polygon type controls low-gradient watershed-scale hydrology},
  author={Liljedahl, AK and Hinzman, LD and Schulla, J{\"o}rg},
  booktitle={Proceedings of the Tenth International Conference on Permafrost},
  volume={1},
  pages={231--236},
  year={2012}
}

@article{karra2014three,
  title={Three-phase numerical model for subsurface hydrology in permafrost-affected regions},
  author={Karra, S and Painter, SL and Lichtner, PC},
  journal={Cryosphere Discuss},
  volume={8},
  pages={149--185},
  year={2014}
}

@article{kurylyk2014climate,
  title={Climate change impacts on groundwater and soil temperatures in cold and temperate regions: Implications, mathematical theory, and emerging simulation tools},
  author={Kurylyk, Barret L and MacQuarrie, Kerry TB and McKenzie, Jeffrey M},
  journal={Earth-Science Reviews},
  volume={138},
  pages={313--334},
  year={2014},
  publisher={Elsevier}
}

@article{painter2013modeling,
  title={Modeling challenges for predicting hydrologic response to degrading permafrost},
  author={Painter, SL and Moulton, JD and Wilson, CJ},
  journal={Hydrogeology Journal},
  pages={1--4},
  year={2013},
  publisher={Springer}
}

@article{hinzman2005evidence,
  title={Evidence and implications of recent climate change in northern Alaska and other arctic regions},
  author={Hinzman, Larry D and Bettez, Neil D and Bolton, W Robert and Chapin, F Stuart and Dyurgerov, Mark B and Fastie, Chris L and Griffith, Brad and Hollister, Robert D and Hope, Allen and Huntington, Henry P and others},
  journal={Climatic Change},
  volume={72},
  number={3},
  pages={251--298},
  year={2005},
  publisher={Springer}
}

@article{zhu2011method,
  title={Method of coupling 1-D unsaturated flow with 3-D saturated flow on large scale},
  author={Zhu, Yan and Zha, Yuanyuan and Tong, Juxiu and Yang, Jinzhong},
  journal={Water Science and Engineering},
  volume={4},
  number={4},
  pages={357--373},
  year={2011},
  publisher={Elsevier}
}

@article{pikul1974numerical,
  title={A numerical model based on coupled one-dimensional Richards and Boussinesq equations},
  author={Pikul, Mary F and Street, Robert L and Remson, Irwin},
  journal={Water Resources Research},
  volume={10},
  number={2},
  pages={295--302},
  year={1974},
  publisher={Wiley Online Library}
}

@article{billings1982arctic,
  title={Arctic tundra: A source or sink for atmospheric carbon dioxide in a changing environment?},
  author={Billings, WD and Luken, JO and Mortensen, DA and Peterson, KM},
  journal={Oecologia},
  volume={53},
  number={1},
  pages={7--11},
  year={1982},
  publisher={Springer}
}

@article {hybrid3D,
author = {Hazenberg, P. and Fang, Y. and Broxton, P. and Gochis, D. and Niu, G.-Y. and Pelletier, J. D. and Troch, P. A. and Zeng, X.},
title = {A hybrid-3D hillslope hydrological model for use in Earth system models},
journal = {Water Resources Research},
volume = {51},
number = {10},
issn = {1944-7973},
url = {http://dx.doi.org/10.1002/2014WR016842},
doi = {10.1002/2014WR016842},
pages = {8218--8239},
keywords = {Modeling, Numerical approximations and analysis, Geomorphology: hillslope, Earth system modeling, hillslope hydrology, hybrid-3D model, computational hydrology, unsaturated-saturated zone interaction, Earth System Models},
year = {2015},
}

@Article{marsflo,
author="Painter, Scott L.",
title="Three-phase numerical model of water migration in partially frozen geological media: model formulation, validation, and applications",
journal="Computational Geosciences",
year="2011",
volume="15",
number="1",
pages="69--85",
issn="1573-1499",
doi="10.1007/s10596-010-9197-z",
url="http://dx.doi.org/10.1007/s10596-010-9197-z"
}

@article {grimm2009mars,
author = {Grimm, Robert E. and Painter, Scott L.},
title = {On the secular evolution of groundwater on Mars},
journal = {Geophysical Research Letters},
volume = {36},
number = {24},
issn = {1944-8007},
url = {http://dx.doi.org/10.1029/2009GL041018},
doi = {10.1029/2009GL041018},
pages = {n/a--n/a},
keywords = {Groundwater hydrology, Modeling, Hydrology and fluvial processes, Mars, obliquity variations, heat flow, sublimation},
year = {2009},
note = {L24803},
}

@article {painter2014constitutive,
	author = {Painter, Scott L. and Karra, Satish},
	title = {Constitutive Model for Unfrozen Water Content in Subfreezing Unsaturated Soils},
	volume = {13},
	number = {4},
	year = {2014},
	doi = {10.2136/vzj2013.04.0071},
	publisher = {GeoScienceWorld},
	URL = {http://vzj.geoscienceworld.org/content/13/4/vzj2013.04.0071},
	eprint = {http://vzj.geoscienceworld.org/content/13/4/vzj2013.04.0071.full.pdf},
	journal = {Vadose Zone Journal}
}

@Article{atchley2015,
AUTHOR = {Atchley, A. L. and Painter, S. L. and Harp, D. R. and Coon, E. T. and Wilson, C. J. and Liljedahl, A. K. and Romanovsky, V. E.},
TITLE = {Using field observations to inform thermal hydrology models of permafrost dynamics with ATS (v0.83)},
JOURNAL = {Geoscientific Model Development},
VOLUME = {8},
YEAR = {2015},
NUMBER = {9},
PAGES = {2701--2722},
URL = {http://www.geosci-model-dev.net/8/2701/2015/},
DOI = {10.5194/gmd-8-2701-2015}
}

@article {atchley2016,
author = {Atchley, Adam L. and Coon, Ethan T. and Painter, Scott L. and Harp, Dylan R. and Wilson, Cathy J.},
title = {Influences and interactions of inundation, peat, and snow on active layer thickness},
journal = {Geophysical Research Letters},
volume = {43},
number = {10},
issn = {1944-8007},
url = {http://dx.doi.org/10.1002/2016GL068550},
doi = {10.1002/2016GL068550},
pages = {5116--5123},
keywords = {Permafrost, cryosphere, and high-latitude processes, Active layer, Thermal regime, Modeling, Cryospheric change, active layer thickness, thermal hydrology, inundation and soil moisture, ALT sensitivity, organic soil thermal properties, snow depth},
year = {2016},
note = {2016GL068550},
}

@article{frampton2011,
title = "Non-isothermal, three-phase simulations of near-surface flows in a model permafrost system under seasonal variability and climate change ",
journal = "Journal of Hydrology ",
volume = "403",
number = "3â€“4",
pages = "352 - 359",
year = "2011",
note = "",
issn = "0022-1694",
doi = "http://dx.doi.org/10.1016/j.jhydrol.2011.04.010",
url = "http://www.sciencedirect.com/science/article/pii/S0022169411002502",
author = "Andrew Frampton and Scott Painter and Steve W. Lyon and Georgia Destouni",
keywords = "Permafrost hydrology",
keywords = "Three-phase flow",
keywords = "Seasonal variability",
keywords = "Climate change",
keywords = "Runoff "
}


